@article{Intel:2005,
  title={Intel virtualization technology},
  author={Uhlig, Rich and Neiger, Gil and Rodgers, Dion and Santoni, Amy L and Martins, Fernando CM and Anderson, Andrew V and Bennett, Steven M and Kagi, Alain and Leung, Felix H and Smith, Larry},
  journal={Computer},
  volume={38},
  number={5},
  pages={48--56},
  year={2005},
  publisher={IEEE}
}

@misc{spec,
	title = {Standard Performance Evaluation Corporation},
	author = {SpecBench},
	howpublished = {\url{http://www.specbench.org}},
	note = "[Ãšltima visita 29 de febreiro de 2024]"
}
